<?xml version="1.0" encoding="utf-8"?>
<record xmlns="http://www.loc.gov/MARC21/slim" xmlns:xsi="http://www.w3.org/2001/XMLSchema-instance" xsi:schemaLocation="http://www.loc.gov/MARC21/slim http://www.loc.gov/standards/marcxml/schema/MARC21slim.xsd">
	<leader>     nam a22     Mi 4500</leader>
	<controlfield tag="001">843899</controlfield>
	<controlfield tag="003">NjP</controlfield>
	<controlfield tag="006">m        d        </controlfield>
	<controlfield tag="007">cr cn |||m|||a</controlfield>
	<controlfield tag="008">191210s1950    ir      o     000 0 ara d</controlfield>
	<datafield ind1=" " ind2=" " tag="040">
		<subfield code="a">ZYU</subfield>
		<subfield code="b">ara</subfield>
		<subfield code="e">rda</subfield>
		<subfield code="c">ZYU</subfield>
	</datafield>
	<datafield ind1="1" ind2=" " tag="100">
		<subfield code="6">880-01</subfield>
		<subfield code="a">Ibn al-Rāzī, Jaʻfar ibn Aḥmad,</subfield>
		<subfield code="d">active 10th century.</subfield>
	</datafield>
	<datafield ind1="1" ind2="0" tag="240">
		<subfield code="a">Works.</subfield>
		<subfield code="k">Selections.</subfield>
		<subfield code="f">1950</subfield>
	</datafield>
	<datafield ind1="1" ind2="0" tag="245">
		<subfield code="6">880-02</subfield>
		<subfield code="a">Kitāb jāmiʻ al-aḥādīth ; Kitāb nawādir al-athar fī ʻAlī khayr al-bashar ; Kitāb al-ʻarūs ; Kitāb al-aʻmāl al-māniʻah min dukhūl al-jannah ; Kitāb al-ghāyāt ; Kitāb al-musalsalāt /</subfield>
		<subfield code="c">kulluhā lil-Shaykh Abī Muḥammad Jaʻfar ibn Aḥmad ibn ʻAlī al-Qummī.</subfield>
	</datafield>
	<datafield ind1=" " ind2=" " tag="260">
		<subfield code="6">880-03</subfield>
		<subfield code="a">Tihrān :</subfield>
		<subfield code="b">Chāpkhānah-ʼi Islāmīyah,</subfield>
		<subfield code="c">1369 [1950]</subfield>
	</datafield>
	<datafield ind1=" " ind2=" " tag="300">
		<subfield code="a">online resource (116 pages)</subfield>
	</datafield>
	<datafield ind1=" " ind2=" " tag="336">
		<subfield code="a">text</subfield>
		<subfield code="2">rdacontent</subfield>
	</datafield>
	<datafield ind1=" " ind2=" " tag="337">
		<subfield code="a">computer</subfield>
		<subfield code="2">rdamedia</subfield>
	</datafield>
	<datafield ind1=" " ind2=" " tag="338">
		<subfield code="a">online resource</subfield>
		<subfield code="2">rdacarrier</subfield>
	</datafield>
	<datafield ind1=" " ind2=" " tag="500">
		<subfield code="a">Part of the Arabic Collections Online (ACO) project, contributed by Princeton University Libraries.</subfield>
	</datafield>
	<datafield ind1=" " ind2=" " tag="533">
		<subfield code="a">Electronic reproduction.</subfield>
		<subfield code="b">New York, N.Y. :</subfield>
		<subfield code="c">New York University,</subfield>
		<subfield code="d">2019.</subfield>
		<subfield code="5">NNU</subfield>
	</datafield>
	<datafield ind1=" " ind2="0" tag="650">
		<subfield code="a">Islam</subfield>
		<subfield code="v">Early works to 1800.</subfield>
	</datafield>
	<datafield ind1=" " ind2="0" tag="650">
		<subfield code="a">Hadith</subfield>
		<subfield code="v">Early works to 1800.</subfield>
	</datafield>
	<datafield ind1=" " ind2="7" tag="650">
		<subfield code="a">Hadith.</subfield>
		<subfield code="2">fast</subfield>
		<subfield code="0">(OCoLC)fst00950112</subfield>
	</datafield>
	<datafield ind1=" " ind2="7" tag="650">
		<subfield code="a">Islam.</subfield>
		<subfield code="2">fast</subfield>
		<subfield code="0">(OCoLC)fst00979776</subfield>
	</datafield>
	<datafield ind1=" " ind2="7" tag="655">
		<subfield code="a">Early works.</subfield>
		<subfield code="2">fast</subfield>
		<subfield code="0">(OCoLC)fst01411636</subfield>
	</datafield>
	<datafield ind1="2" ind2=" " tag="710">
		<subfield code="a">Princeton University.</subfield>
		<subfield code="b">Library.</subfield>
	</datafield>
	<datafield ind1="0" ind2=" " tag="730">
		<subfield code="a">Arabic Collections Online.</subfield>
	</datafield>
	<datafield ind1="0" ind2="8" tag="776">
		<subfield code="i">Print version:</subfield>
		<subfield code="a">Ibn al-Rāzī, Jaʻfar ibn Aḥmad, active 10th century.</subfield>
		<subfield code="t">Kitāb jāmiʻ al-aḥādīth ; Kitāb nawādir al-athar fī ʻAlī khayr al-bashar ; Kitāb al-ʻarūs ; Kitāb al-aʻmāl al-māniʻah min dukhūl al-jannah ; Kitāb al-ghāyāt ; Kitāb al-musalsalāt</subfield>
		<subfield code="w">(NjP)843899</subfield>
		<subfield code="w">(OCoLC)29274797</subfield>
	</datafield>
	<datafield ind1="4" ind2="0" tag="856">
		<subfield code="u">http://hdl.handle.net/2333.1/k6djhm4q</subfield>
	</datafield>
	<datafield ind1="1" ind2=" " tag="880">
		<subfield code="6">100-01</subfield>
		<subfield code="a">ابن الرازي، جعفر بن احمد،‎</subfield>
		<subfield code="d">active 10th century.</subfield>
	</datafield>
	<datafield ind1="1" ind2="0" tag="880">
		<subfield code="6">245-02</subfield>
		<subfield code="a">كتاب جامع الاحاديث ؛ كتاب نوادر الاثر في علي خير البشر ؛ كتاب العروس ؛ كتاب الاعمال المانعة من دخول الجنة ؛ كتاب الغايات ؛ كتاب المسلسلات /‎</subfield>
		<subfield code="c">كلها للشيخ ابي محمد جعفر بن احمد بن علي القمي.‎</subfield>
	</datafield>
	<datafield ind1=" " ind2=" " tag="880">
		<subfield code="6">260-03</subfield>
		<subfield code="a">تهران :‎</subfield>
		<subfield code="b">چاپخانۀ اسلامية،‎</subfield>
		<subfield code="c">1369 [1950]</subfield>
	</datafield>
	<datafield ind1=" " ind2=" " tag="959">
		<subfield code="a">NNU</subfield>
		<subfield code="b">WEB</subfield>
		<subfield code="c">GENI</subfield>
		<subfield code="t">0</subfield>
		<subfield code="m">Electronic access</subfield>
		<subfield code="s">01</subfield>
	</datafield>
	<datafield ind1=" " ind2=" " tag="999">
		<subfield code="i">NjP_843899</subfield>
		<subfield code="o">(OCoLC)ocm29274797</subfield>
		<subfield code="s">princeton_aco002919</subfield>
		<subfield code="e">(ERROR-880)(ERROR-MISC)</subfield>
		<subfield code="s">princeton_aco002919</subfield>
	</datafield>
</record>
